<record xmlns:xsi="http://www.w3.org/2001/XMLSchema-instance" xmlns="http://www.loc.gov/MARC21/slim" xsi:schemaLocation="http://www.loc.gov/MARC21/slim http://www.loc.gov/standards/marcxml/schema/MARC21slim.xsd">

  <leader>00470nam a2200133Ia 4500</leader>
  <datafield tag="999" ind1=" " ind2=" ">
    <subfield code="c">1103</subfield>
    <subfield code="d">1103</subfield>
  </datafield>
  <controlfield tag="008">02099772001    cr 0|</controlfield>
  <datafield ind1=" " tag="090" ind2=" ">
    <subfield code="a">06.03.02 </subfield>
    <subfield code="b">1325</subfield>
  </datafield>
  <datafield ind2=" " ind1=" " tag="100">
    <subfield code="a">Mittmann, Frank</subfield>
    <subfield code="9">3710</subfield>
  </datafield>
  <datafield ind2="0" tag="245" ind1="1">
    <subfield code="a">Educación Dual en Costa Rica: Proyecto piloto Mecánica Automotriz Colegio Vocacional Monseñor Sanabria 1996-1999 / </subfield>
    <subfield code="c">Instituto Nacional de Aprendizaje</subfield>
  </datafield>
  <datafield ind2=" " ind1=" " tag="260">
    <subfield code="a">San José, C,.R.  :</subfield>
    <subfield code="b"> INA, </subfield>
    <subfield code="c">2001</subfield>
  </datafield>
  <datafield ind1=" " tag="300" ind2=" ">
    <subfield code="a">229 páginas</subfield>
  </datafield>
  <datafield ind2="4" ind1="1" tag="650">
    <subfield code="a"> ENSEÑANZA TÉCNICA</subfield>
    <subfield code="9">3503</subfield>
  </datafield>
  <datafield tag="942" ind1=" " ind2=" ">
    <subfield code="2">z</subfield>
    <subfield code="c">01</subfield>
  </datafield>
</record>